<?xml version="1.0" encoding="UTF-8"?><marc:collection xmlns:marc="http://www.loc.gov/MARC21/slim" xmlns:xsi="http://www.w3.org/2001/XMLSchema-instance" xsi:schemaLocation="http://www.loc.gov/MARC21/slim http://www.loc.gov/standards/marcxml/schema/MARC21slim.xsd"><marc:record>
        <marc:leader>01845nam a2200349 u 4500</marc:leader>
        <marc:controlfield tag="001">000329864</marc:controlfield>
        <marc:controlfield tag="005">20190604123408.0</marc:controlfield>
        <marc:controlfield tag="008">190521s1770    pau           000 0 eng d</marc:controlfield>
        <marc:datafield tag="035" ind1=" " ind2=" ">
            <marc:subfield code="a">13</marc:subfield>
        </marc:datafield>
      <marc:datafield tag="099" ind1=" " ind2="9">
         <marc:subfield code="a">Rush MSS Vol. 280 (Yi2 7400.F.30)</marc:subfield>
      </marc:datafield>
        <marc:datafield tag="100" ind1="1" ind2=" ">
            <marc:subfield code="a">Rush, Benjamin,</marc:subfield>
            <marc:subfield code="d">1746-1813.</marc:subfield>
        </marc:datafield>
        <marc:datafield tag="245" ind1="1" ind2="0">
            <marc:subfield code="a">Notes by Benjamin Rush on Cases of chronic diseases, began in Philadelphila, 1770.</marc:subfield>
        </marc:datafield>
        <marc:datafield tag="260" ind1=" " ind2=" ">
            <marc:subfield code="a">[Philadelphia? :</marc:subfield>
            <marc:subfield code="b">publisher not identified,</marc:subfield>
            <marc:subfield code="c">1770].</marc:subfield>
        </marc:datafield>
        <marc:datafield tag="300" ind1=" " ind2=" ">
            <marc:subfield code="a">1-55 p. ;</marc:subfield>
            <marc:subfield code="c">22 cm</marc:subfield>
        </marc:datafield>
        <marc:datafield tag="500" ind1=" " ind2=" ">
            <marc:subfield code="a">Title devised by cataloger.</marc:subfield>
        </marc:datafield>
        <marc:datafield tag="500" ind1=" " ind2=" ">
            <marc:subfield code="a">Manuscript notebook by Benjamin Rush on individual patient cases and treatments, as well as observations on diseases and an essay on sleep and dreams.</marc:subfield>
        </marc:datafield>
        <marc:datafield tag="500" ind1=" " ind2=" ">
            <marc:subfield code="a">Several pages blank.</marc:subfield>
        </marc:datafield>
        <marc:datafield tag="500" ind1=" " ind2=" ">
            <marc:subfield code="a">Benjamin Rush began teaching at the University of Pennsylvania in 1769, and became a professor of medical theory and clinical practice in 1791. He died in 1813.</marc:subfield>
        </marc:datafield>
        <marc:datafield tag="590" ind1=" " ind2=" ">
            <marc:subfield code="a">Digitization funded by a grant from the Council on Library and Information Resources, 2019-2020. Part of “For the Health of the New Nation: Philadelphia as the Center of American Medical Education, 1746-1868,” a project organized by the Philadelphia Area Consortium of Special Collections Libraries (PACSCL).</marc:subfield>
        </marc:datafield>
        <marc:datafield tag="650" ind1=" " ind2="0">
            <marc:subfield code="a">Medical education.</marc:subfield>
        </marc:datafield>
        <marc:datafield tag="650" ind1=" " ind2="0">
            <marc:subfield code="a">Sleep.</marc:subfield>
        </marc:datafield>
        <marc:datafield tag="650" ind1=" " ind2="0">
            <marc:subfield code="a">Dreams.</marc:subfield>
        </marc:datafield>
        <marc:datafield tag="650" ind1=" " ind2="0">
            <marc:subfield code="a">Intestines</marc:subfield>
            <marc:subfield code="x">Diseases</marc:subfield>
        </marc:datafield>
        <marc:datafield tag="650" ind1=" " ind2="0">
            <marc:subfield code="a">Epilepsy.</marc:subfield>
        </marc:datafield>
        <marc:datafield tag="650" ind1=" " ind2="0">
            <marc:subfield code="a">Asthma</marc:subfield>
            <marc:subfield code="x">Treatment.</marc:subfield>
        </marc:datafield>
        <marc:datafield tag="650" ind1=" " ind2="0">
            <marc:subfield code="a">Influenza</marc:subfield>
            <marc:subfield code="x">Treatment.</marc:subfield>
        </marc:datafield>
        <marc:datafield tag="651" ind1=" " ind2="1">
            <marc:subfield code="a">Pennsylvania</marc:subfield>
            <marc:subfield code="x">History</marc:subfield>
            <marc:subfield code="y">1775-1865.</marc:subfield>
        </marc:datafield>
        <marc:datafield tag="690" ind1=" " ind2="4">
            <marc:subfield code="a">EAMSS</marc:subfield>
        </marc:datafield>
        <marc:datafield tag="797" ind1="1" ind2=" ">
            <marc:subfield code="a">PA. Philadelphia.</marc:subfield>
            <marc:subfield code="f">1770.</marc:subfield>
            <marc:subfield code="9">Imprint</marc:subfield>
        </marc:datafield>
        <marc:datafield tag="797" ind1="2" ind2=" ">
            <marc:subfield code="a">University of Pennsylvania.</marc:subfield>
            <marc:subfield code="b">Department of Medicine,</marc:subfield>
            <marc:subfield code="e">associated name.</marc:subfield>
            <marc:subfield code="9">Provenance</marc:subfield>
        </marc:datafield>
        <marc:datafield tag="796" ind1="1" ind2=" ">
            <marc:subfield code="a">Rush, Benjamin,</marc:subfield>
            <marc:subfield code="d">1746-1813,</marc:subfield>
            <marc:subfield code="e">former owner.</marc:subfield>
            <marc:subfield code="9">Provenance</marc:subfield>
        </marc:datafield>
        <marc:datafield tag="850" ind1=" " ind2=" ">
            <marc:subfield code="a">7400.F.30 (Rush)</marc:subfield>
        </marc:datafield>
        <marc:datafield tag="852" ind1=" " ind2=" ">
            <marc:subfield code="a">Library Company of Philadelphia</marc:subfield>
            <marc:subfield code="b">Library Company</marc:subfield>
            <marc:subfield code="c">RARE</marc:subfield>
         <marc:subfield code="e">Philadelphia</marc:subfield>
            <marc:subfield code="j">Rush MSS Vol. 280 (Professorship at University of Pennsylvania) Yi2 7400.F.30 (Rush)</marc:subfield>
            <marc:subfield code="x">CID=SD</marc:subfield>
        </marc:datafield>
    </marc:record></marc:collection>